<?xml version="1.0" encoding="UTF-8"?><collection xmlns="http://www.loc.gov/MARC21/slim"><record><leader>00374nam--2200121-i-4500</leader><controlfield tag="001">000033011</controlfield><controlfield tag="002">20161230</controlfield><controlfield tag="005">20161230201039</controlfield><controlfield tag="008">060222s1000------------r-----000-0-eng-d</controlfield><datafield ind1=" " ind2=" " tag="100"><subfield code="a">Meijering, J.L</subfield></datafield><datafield ind1=" " ind2=" " tag="245"><subfield code="a">Considerations sur l`effet snoek dans le cas de sites non-equivalents pour les atomes en insertion</subfield></datafield><datafield ind1=" " ind2=" " tag="260"><subfield code="a">Eindhoven, Laboratoria Philips, 1961. 7p</subfield></datafield><datafield ind1=" " ind2=" " tag="852"><subfield code="a">17979</subfield></datafield></record></collection>